001  0000081
005  20170527134129.667
008  170527s||||     bl|||||||||||||||||por|u
020    $a9788523204839
040    $aPorto Alegre$bpor
100 1  $aFanon, Frantz
245 10 $aPele negra$bmascaras brancas$cFrantz Fanon
260    $aSalvador$bEDUFBA$c2008
300    $a194 p.
650    $aRaça Negra
650    $aPsicopatologia
650    $aMulher Negra
650    $aHomem Negro
650    $aIdentidade Racial
650    $aPsicologia
